<?xml version="1.0" encoding="UTF-8"?><collection xmlns="http://www.loc.gov/MARC21/slim"><record><leader>00565nam--2200157-i-4500</leader><controlfield tag="001">000033432</controlfield><controlfield tag="002">20161230</controlfield><controlfield tag="005">20170127195720</controlfield><controlfield tag="008">060222s1000------------r-----000-0-eng-d</controlfield><datafield ind1=" " ind2=" " tag="080"><subfield code="a">669.018:538.97(043)</subfield></datafield><datafield ind1=" " ind2=" " tag="100"><subfield code="a">Maroni, Elvire</subfield></datafield><datafield ind1=" " ind2=" " tag="245"><subfield code="a">Etude de ela structure des interfaces fibrematrice et des phenomenes de difusion interfaciale dans les composites de solidification du type cotac: consequence sur la stabilite thermique des fibres</subfield><subfield code="b">these</subfield></datafield><datafield ind1=" " ind2=" " tag="260"><subfield code="a">Orsay</subfield><subfield code="b">Univ.De Paris-sud</subfield><subfield code="c">1979</subfield></datafield><datafield ind1=" " ind2=" " tag="300"><subfield code="a">100 p</subfield></datafield><datafield ind1=" " ind2=" " tag="852"><subfield code="a">49733</subfield></datafield><datafield ind1=" " ind2=" " tag="CAT"><subfield code="a">SYS</subfield><subfield code="c">20170127</subfield><subfield code="h">195720</subfield></datafield></record></collection>